%% This BibTeX bibliography file was created using BibDesk.
%% http://bibdesk.sourceforge.net/

%% Created for Roy de Kleijn at 2017-01-31 17:01:23 +0100 


%% Saved with string encoding Unicode (UTF-8) 



@article{Dominey:1998aa,
	Author = {P. F. Dominey},
	Date-Added = {2017-01-31 16:01:18 +0000},
	Date-Modified = {2017-01-31 16:01:18 +0000},
	Journal = {Journal of Experimental Psychology: Learning, Memory, and Cognition Learning Memory and Cognition},
	Pages = {234--248},
	Title = {Influences of temporal organization on sequence learning and transfer: Comments on Stadler (1995) and Curran and Keele (1993)},
	Volume = {24},
	Year = {1998}}

@inproceedings{Duran:2009aa,
	Address = {Amsterdam},
	Author = {Duran, N. D. and Dale, R.},
	Booktitle = {Proceedings of the 31st {A}nnual {M}eeting of the {C}ognitive {S}cience {S}ociety},
	Date-Added = {2017-01-26 14:30:16 +0000},
	Date-Modified = {2017-01-26 14:35:44 +0000},
	Organization = {Cognitive Science Society},
	Pages = {893--898},
	Title = {Anticipatory arm placement in the statistical learning of position sequences},
	Year = {2009}}

@article{Schwarb:2012aa,
	Author = {H. Schwarb and E.H. Schumacher},
	Date-Added = {2017-01-21 19:13:56 +0000},
	Date-Modified = {2017-01-21 19:13:56 +0000},
	Journal = {Advances in Cognitive Psychology},
	Pages = {165--178},
	Title = {Generalized lessons about sequence learning from the study of the serial reaction time task},
	Volume = {8},
	Year = {2012}}

@article{Dale:2012aa,
	Author = {R. Dale and N. D. Duran and J. R. Morehead},
	Date-Added = {2017-01-21 19:11:57 +0000},
	Date-Modified = {2017-01-21 19:11:57 +0000},
	Journal = {Advances in Cognitive Psychology},
	Pages = {196--209},
	Title = {Prediction during statistical learning, and implications for the implicit/explicit divide},
	Volume = {8},
	Year = {2012}}

@article{Dale:2012,
	Date-Added = {2017-01-21 19:10:03 +0000},
	Date-Modified = {2017-01-21 19:10:12 +0000}}

@article{Tubau:2007,
	Author = {Tubau, E. and Hommel, B. and L\'opez-Moliner, J.},
	Date-Added = {2015-05-24 17:07:18 +0000},
	Date-Modified = {2015-05-24 17:08:41 +0000},
	Journal = {Journal of Experimental Psychology: General},
	Pages = {43--63},
	Title = {Modes of executive control in sequence learning: From stimulus-based to plan-based control},
	Volume = {136},
	Year = {2007}}

@article{Bornstein:2012,
	Author = {Bornstein, A. M. and Daw, N. D.},
	Date-Added = {2015-05-24 17:07:18 +0000},
	Date-Modified = {2015-05-24 17:08:41 +0000},
	Journal = {European Journal of Neuroscience},
	Pages = {1011--1023},
	Title = {Dissociating hippocampal and striatal contributions to Dissociating hippocampal and striatal contributions to sequential prediction learning},
	Volume = {35},
	Year = {2012}}

@article{Skinner:1950,
	Author = {Skinner, B. F.},
	Date-Added = {2015-05-24 16:21:52 +0000},
	Date-Modified = {2015-05-24 16:22:27 +0000},
	Journal = {Psychological Review},
	Pages = {193--216},
	Title = {Are theories of learning necessary?},
	Volume = {57},
	Year = {1950}}

@article{Aslin:1998,
	Author = {Aslin, R and Saffran, J and Newport, E},
	Date-Added = {2015-05-13 22:04:50 +0000},
	Date-Modified = {2015-05-13 22:04:50 +0000},
	Journal = {Psychological Science},
	Month = jun,
	Pages = {1--4},
	Title = {{Computation of conditional probability statistics by 8-month-old infants}},
	Year = {1998}}

@article{Botvinick:2004,
	Author = {Botvinick, M. and Plaut, D. C.},
	Date-Added = {2015-05-13 22:04:50 +0000},
	Date-Modified = {2015-05-13 22:04:50 +0000},
	Journal = {Psychological Review},
	Pages = {395--429},
	Title = {Doing without schema hierarchies: A recurrent connectionist approach to routine sequential action and its pathologies},
	Volume = {111},
	Year = {2004}}

@article{Botvinick:2002,
	Author = {Botvinick, M. and Plaut, D. C.},
	Date-Added = {2015-05-13 22:04:50 +0000},
	Date-Modified = {2015-05-13 22:04:50 +0000},
	Journal = {Psychological Research},
	Pages = {298--311},
	Title = {Representing task context: proposals based on a connectionist model of action.},
	Volume = {66},
	Year = {2002}}

@article{Boyer:2005,
	Author = {Boyer, M. and Destrebecqz, A. and Cleeremans, A.},
	Date-Added = {2015-05-13 22:04:50 +0000},
	Date-Modified = {2015-05-13 22:04:50 +0000},
	Journal = {Psychological Research},
	Pages = {383--398},
	Title = {Processing abstract sequence structure: Learning without knowing, or knowing without learning?},
	Volume = {69},
	Year = {2005}}

@article{Cleeremans:1991,
	Author = {A. Cleeremans and J. L. McClelland},
	Date-Added = {2015-05-13 22:04:50 +0000},
	Date-Modified = {2015-05-13 22:04:50 +0000},
	Journal = {Journal of Experimental Psychology: General},
	Pages = {235--253},
	Title = {Learning the Structure of Event Sequences},
	Volume = 120,
	Year = 1991}

@inproceedings{Cox:2012,
	Address = {Austin, TX},
	Author = {G. E. Cox and G. Kachergis and R. M. Shiffrin},
	Booktitle = {Proceedings of the 34th Annual Conference of the Cognitive Science Society},
	Date-Added = {2015-05-13 22:04:50 +0000},
	Date-Modified = {2015-05-13 22:04:50 +0000},
	Editor = {N. Miyake and D. Peebles and R. P. Cooper},
	Pages = {1440--1445},
	Publisher = {Cognitive Science Society},
	Title = {Gaussian Process Regression for Trajectory Analysis},
	Year = {2012}}

@article{Dennis:2006,
	Author = {Dennis, N. A. and Howard, J. H. and Howard, D. V.},
	Date-Added = {2015-05-13 22:04:50 +0000},
	Date-Modified = {2015-05-13 22:04:50 +0000},
	Journal = {Experimental Brain Research},
	Number = {1},
	Pages = {153--164},
	Title = {Implicit sequence learning without motor sequencing in young and old adults},
	Volume = {175},
	Year = {2006}}

@article{Destrebecqz:2001,
	Author = {Destrebecqz, A. and Cleeremans, A.},
	Date-Added = {2015-05-13 22:04:50 +0000},
	Date-Modified = {2015-05-13 22:04:50 +0000},
	Journal = {Psychonomic Bulletin and Review},
	Pages = {343--350},
	Title = {Can sequence learning be implicit?},
	Volume = {8},
	Year = {2001}}

@incollection{Donders:1868,
	Author = {Donders, F. C.},
	Booktitle = {Attention and Performance II},
	Date-Added = {2015-05-13 22:04:50 +0000},
	Date-Modified = {2015-05-13 22:04:50 +0000},
	Editor = {Koster, W. G.},
	Pages = {412-431},
	Title = {On the speed of mental processes},
	Year = {1868}}

@inproceedings{DuranDale:2009,
	Author = {Duran, N. D and Dale, R.},
	Booktitle = {Proc. of the 31st Annual Conference of the Cognitive Science Society},
	Date-Added = {2015-05-13 22:04:50 +0000},
	Date-Modified = {2015-05-13 22:04:50 +0000},
	Title = {Predictive arm placement in the statistical learning of position sequence},
	Year = {2009}}

@article{Eder:2013,
	Author = {Eder, A. B. and Hommel, B.},
	Date-Added = {2015-05-13 22:04:50 +0000},
	Date-Modified = {2015-05-13 22:04:50 +0000},
	Journal = {Emotion Review},
	Title = {Anticipatory control of approach and avoidance: An ideomotor approach},
	Year = {2013}}

@article{Elsner:2001,
	Author = {Elsner, B. and Hommel, B.},
	Date-Added = {2015-05-13 22:04:50 +0000},
	Date-Modified = {2015-05-13 22:04:50 +0000},
	Journal = {Journal of Experimental Psychology: Human Perception and Performance},
	Pages = {229--240},
	Title = {Effect anticipation and action control},
	Volume = {27},
	Year = {2001}}

@article{Fendrick:1937,
	Annote = {scrambled sentences are typed as quickly as intact ones, but scrambled words (or random letter strings) are much slower than intact words},
	Author = {Fendrick, P.},
	Date-Added = {2015-05-13 22:04:50 +0000},
	Date-Modified = {2015-05-13 22:04:50 +0000},
	Journal = {Journal of Educational Psychology},
	Number = {609--620},
	Title = {Hierarchical skills in typewriting},
	Volume = {28},
	Year = {1937}}

@article{Fiser:2002,
	Author = {Fiser, J. and Aslin, R. N.},
	Date-Added = {2015-05-13 22:04:50 +0000},
	Date-Modified = {2015-05-13 22:04:50 +0000},
	Journal = {Learning, Memory, and Cognition},
	Number = {3},
	Pages = {458--467},
	Title = {Statistical learning of higher-order temporal structure from visual shape sequences},
	Volume = {28},
	Year = {2002}}

@article{Fu:2008,
	Author = {Fu, Q. and Fu, X. and Dienes, Z.},
	Date-Added = {2015-05-13 22:04:50 +0000},
	Date-Modified = {2015-05-13 22:04:50 +0000},
	Journal = {Consciousness and Cognition},
	Pages = {185--202},
	Title = {Implicit sequence learning and conscious awareness},
	Volume = {17},
	Year = {2008}}

@article{Gentner:1988,
	Author = {Gentner, D. R. and LaRochelle, S. and Grudin, J.},
	Date-Added = {2015-05-13 22:04:50 +0000},
	Date-Modified = {2015-05-13 22:04:50 +0000},
	Journal = {Cognitive Psychology},
	Number = {4},
	Pages = {524--548},
	Title = {Lexical, sublexical, and peripheral effects in skilled typewriting},
	Volume = {20},
	Year = {1988}}

@inproceedings{Hendrickson:2012,
	Address = {Austin, TX},
	Author = {A. T. Hendrickson and G. Kachergis and C. Fausey and R. L. Goldstone},
	Booktitle = {Proceedings of the 34th Annual Conference of the Cognitive Science Society},
	Date-Added = {2015-05-13 22:04:50 +0000},
	Date-Modified = {2015-05-13 22:04:50 +0000},
	Editor = {N. Miyake and D. Peebles and R. P. Cooper},
	Pages = {1668--1673},
	Publisher = {Cognitive Science Society},
	Title = {Re-learning Labeled Categories Reveals Structured Representations},
	Year = {2012}}

@article{Hommel:2009,
	Author = {Hommel, B},
	Date-Added = {2015-05-13 22:04:50 +0000},
	Date-Modified = {2015-05-13 22:04:50 +0000},
	Journal = {Psychological Research},
	Pages = {512--526},
	Title = {Action control according to TEC (theory of event coding)},
	Volume = {73},
	Year = {2009}}

@article{Hommel:2001,
	Author = {Hommel, B and M\"usseler, J and Aschersleben, G and Prinz, W},
	Date-Added = {2015-05-13 22:04:50 +0000},
	Date-Modified = {2015-05-13 22:04:50 +0000},
	Journal = {Behavioral and Brain Sciences},
	Pages = {849--937},
	Title = {The theory of event coding (TEC): A framework for perception and action planning},
	Volume = {24},
	Year = {2001}}

@article{Hunt:2001,
	Author = {Hunt, R. H. and Aslin, R. N.},
	Date-Added = {2015-05-13 22:04:50 +0000},
	Date-Modified = {2015-05-13 22:04:50 +0000},
	Journal = {Journal of Experimental Psychology: General},
	Number = {4},
	Pages = {658--680},
	Title = {Statistical learning in a serial reaction time task: Access to separable statistical cues by individual learners},
	Volume = {130},
	Year = {2001}}

@book{James:1890,
	Address = {New York},
	Author = {James, W.},
	Date-Added = {2015-05-13 22:04:50 +0000},
	Date-Modified = {2015-05-13 22:04:50 +0000},
	Publisher = {Henry Holt},
	Title = {The Principles of Psychology},
	Year = {1890}}

@article{Jimenez:2009,
	Author = {L. Jimenez and J. Lupianez and J. M. M. Vaquero},
	Date-Added = {2015-05-13 22:04:50 +0000},
	Date-Modified = {2015-05-13 22:04:50 +0000},
	Journal = {Consciousness and Cognition},
	Pages = {690--700},
	Title = {Sequential congruency effects in implicit sequence learning},
	Volume = 18,
	Year = 2009}

@inproceedings{Kachergis:2010wg,
	Address = {Austin, TX},
	Author = {Kachergis, G and Yu, C and Shiffrin, R M},
	Booktitle = {Proceedings of the 32nd Annual Conference of the Cognitive Science Society},
	Date-Added = {2015-05-13 22:04:50 +0000},
	Date-Modified = {2015-05-13 22:04:50 +0000},
	Editor = {S. Ohlsson and R. Catrambone},
	Pages = {2464-2469},
	Publisher = {Cognitive Science Society},
	Title = {Adaptive constraints and inference in cross-situational word learning},
	Year = {2010}}

@inproceedings{Kachergis:2010im,
	Address = {Austin, TX},
	Author = {Kachergis, G and Yu, C and Shiffrin, R M},
	Booktitle = {Proceedings of the 32nd Annual Conference of the Cognitive Science Society},
	Date-Added = {2015-05-13 22:04:50 +0000},
	Date-Modified = {2015-05-13 22:04:50 +0000},
	Editor = {S. Ohlsson and R. Catrambone},
	Pages = {2362--2367},
	Publisher = {Cognitive Science Society},
	Title = {Cross-Situational Statistical Learning: Implicit or Intentional?},
	Year = {2010}}

@inproceedings{Kachergis:2012hyp,
	Author = {Kachergis, G and Yu, C and Shiffrin, R M},
	Booktitle = {IEEE Conference on Development and Learning-EpiRob 2012},
	Date-Added = {2015-05-13 22:04:50 +0000},
	Date-Modified = {2015-05-13 22:04:50 +0000},
	Title = {Cross-situational Word Learning is Better Modeled by Associations than Hypotheses},
	Year = {2012}}

@inproceedings{Kachergis:2009vu,
	Address = {Austin, TX},
	Author = {Kachergis, G and Yu, C and Shiffrin, R M},
	Booktitle = {Proceedings of the 31st Annual Meeting of the Cognitive Science Society},
	Date-Added = {2015-05-13 22:04:50 +0000},
	Date-Modified = {2015-05-13 22:04:50 +0000},
	Editor = {N. A. Taatgen and H. van Rijn},
	Pages = {2220-2225},
	Publisher = {Cognitive Science Society},
	Title = {Frequency and contextual diversity effects in cross-situational word learning},
	Year = {2009}}

@inproceedings{Kachergis:2012vc,
	Address = {Austin, TX},
	Author = {Kachergis, G},
	Booktitle = {Proceedings of the 34th Annual Conference of the Cognitive Science Society},
	Date-Added = {2015-05-13 22:04:50 +0000},
	Date-Modified = {2015-05-13 22:04:50 +0000},
	Editor = {N. Miyake and D. Peebles and R. P. Cooper},
	Pages = {533-538},
	Publisher = {Cognitive Science Society},
	Title = {Learning Nouns with Domain-General Associative Learning Mechanisms},
	Year = {2012}}

@inproceedings{Kachergis:2009tc,
	Address = {Austin, TX},
	Author = {Kachergis, G and Yu, C and Shiffrin, R},
	Booktitle = {Proceedings of the 31st Annual Meeting of the Cognitive Science Society},
	Date-Added = {2015-05-13 22:04:50 +0000},
	Date-Modified = {2015-05-13 22:04:50 +0000},
	Editor = {N.A. Taatgen and H. van Rijn},
	Journal = {Proceedings of the 31st Annual Conference of the Cognitive Science Society},
	Pages = {1704-1709},
	Publisher = {Cognitive Science Society},
	Title = {Temporal contiguity in cross-situational statistical learning},
	Year = {2009}}

@article{KachergisPT:2014,
	Author = {Kachergis, G. and Wyatt, D. and O'Reilly, R. C. and de Kleijn, R. and Hommel, B.},
	Date-Added = {2015-05-13 22:04:50 +0000},
	Date-Modified = {2015-05-24 16:18:49 +0000},
	Doi = {doi: 10.1098/rstb.2013.0623},
	Journal = {Philosophical Transactions of the Royal Society B},
	Number = {20130623},
	Title = {A continuous time neural model for sequential action},
	Volume = {369},
	Year = {2014},
	Bdsk-Url-1 = {http://dx.doi.org/10.1098/rstb.2013.0623}}

@inproceedings{Kachergis:2011g,
	Author = {G. Kachergis and G. Recchia and R. M. Shiffrin},
	Booktitle = {Proceedings of the 33rd Annual Conference of the Cognitive Science Society},
	Date-Added = {2015-05-13 22:04:50 +0000},
	Date-Modified = {2015-05-13 22:04:50 +0000},
	Editor = {L. Carlson and C. H{\"o}lscher and T. Shipley},
	Pages = {819--824},
	Title = {Adaptive Magnitude and Valence Biases in a Dynamic Memory Task},
	Year = {2011}}

@inproceedings{Kachergis:2013rm,
	Author = {G. Kachergis and G. E. Cox and R. M. Shiffrin},
	Booktitle = {Proceedings of the 35th Annual Conference of the Cognitive Science Society.},
	Date-Added = {2015-05-13 22:04:50 +0000},
	Date-Modified = {2015-05-13 22:04:50 +0000},
	Title = {The Effects of Repeated Sequential Context on Recognition Memory},
	Year = {2013}}

@article{Kachergis:2012gi,
	Author = {Kachergis, George and Yu, Chen and Shiffrin, Richard M},
	Date-Added = {2015-05-13 22:04:50 +0000},
	Date-Modified = {2015-05-13 22:04:50 +0000},
	Journal = {Psychonomic Bulletin and Review},
	Number = {2},
	Pages = {317--324},
	Title = {An associative model of adaptive inference for learning word--referent mappings},
	Volume = {19},
	Year = {2012}}

@inproceedings{Kievit-Kylar:2013,
	Author = {B. Kievit-Kylar and G. Kachergis and M. N. Jones},
	Booktitle = {Proceedings of the 35th Annual Conference of the Cognitive Science Society},
	Date-Added = {2015-05-13 22:04:50 +0000},
	Date-Modified = {2015-05-13 22:04:50 +0000},
	Title = {Naturalistic Word-Concept Pair Learning With Semantic Spaces},
	Year = {2013}}

@incollection{Lashley:1951,
	Address = {New York},
	Author = {K. S. Lashley},
	Booktitle = {Cerebral mechanisms in behavior},
	Date-Added = {2015-05-13 22:04:50 +0000},
	Date-Modified = {2015-05-13 22:04:50 +0000},
	Editor = {L. A. Jeffress},
	Pages = {112--136},
	Publisher = {Wiley},
	Title = {The problem of serial order in behavior},
	Year = {1951}}

@inproceedings{Lee:1997,
	Adress = {Hillsdale,NJ},
	Author = {Y. S. Lee},
	Booktitle = {Proceedings of the Nineteenth Annual Conference of the Cognitive Science Society},
	Date-Added = {2015-05-13 22:04:50 +0000},
	Date-Modified = {2015-05-13 22:04:50 +0000},
	Pages = {119-124},
	Publisher = {Lawrence Erlbaum Associates},
	Title = {Learning and Awareness in the Serial Reaction Time Task},
	Year = 1997}

@article{Nissen:1987,
	Author = {Nissen, M. J. and Bullemer, P.},
	Date-Added = {2015-05-13 22:04:50 +0000},
	Date-Modified = {2015-05-13 22:04:50 +0000},
	Journal = {Cognitive Psychology},
	Pages = {1--32},
	Title = {Attentional requirements of learning: evidence from performance measures},
	Volume = {19},
	Year = {1987}}

@incollection{OReilly:2013,
	Address = {Oxford},
	Author = {O'Reilly, R. C. and Hazy, T. E. and Herd, S. A.},
	Booktitle = {Oxford Handbook of Cognitive Science},
	Date-Added = {2015-05-13 22:04:50 +0000},
	Date-Modified = {2015-05-13 22:04:50 +0000},
	Editor = {S. Chipman},
	Publisher = {Oxford Uni. Press},
	Title = {The Leabra cognitive architecture: How to play 20 questions with nature and win!},
	Year = {in press}}

@article{Perruchet:2006,
	Author = {Perruchet, P. and Pacton, S.},
	Date-Added = {2015-05-13 22:04:50 +0000},
	Date-Modified = {2015-05-13 22:04:50 +0000},
	Journal = {Trends in Cognitive Sciences},
	Number = {5},
	Pages = {233--238},
	Title = {Implicit learning and statistical learning: One phenomenon, two approaches},
	Volume = {10},
	Year = {2006}}

@article{Reber:1967,
	Author = {Reber, A. S.},
	Date-Added = {2015-05-13 22:04:50 +0000},
	Date-Modified = {2015-05-13 22:04:50 +0000},
	Journal = {Verbal Learning and Verbal Behavior},
	Number = {6},
	Pages = {855--863},
	Title = {Implicit learning of artificial grammars},
	Volume = {5},
	Year = {1967}}

@article{Rosenbaum:2007,
	Author = {Rosenbaum, D. A. and Cohen, R. G. and Jax, S. A. and Van Der Wel, R. and Weiss, D. J.},
	Date-Added = {2015-05-13 22:04:50 +0000},
	Date-Modified = {2015-05-13 22:04:50 +0000},
	Journal = {Human Movement Science},
	Pages = {525--554},
	Title = {The problem of serial order in behavior: Lashley's legacy},
	Volume = {26},
	Year = {2007}}

@article{Saffran:1996,
	Author = {Saffran, J and Newport, E and Aslin, R},
	Date-Added = {2015-05-13 22:04:50 +0000},
	Date-Modified = {2015-05-13 22:04:50 +0000},
	Journal = {Journal of Memory and Language},
	Title = {{Word Segmentation: The Role of Distributional Cues}},
	Year = {1996}}

@inbook{Soechting:1996,
	Author = {Soechting, J. F. and Gordon, A. M. and Engel, K. C.},
	Booktitle = {The acquisition of motor behavior in vertebrates},
	Date-Added = {2015-05-13 22:04:50 +0000},
	Date-Modified = {2015-05-13 22:04:50 +0000},
	Editor = {Bloedel, J. R. and Ebner, T. J. and Wise, S. P.},
	Publisher = {MIT Press},
	Title = {Sequential Hand and Finger Movements: Typing and Piano Playing},
	Year = {1996}}

@article{Spivey:2006,
	Author = {Spivey, M. J. and Dale, R.},
	Date-Added = {2015-05-13 22:04:50 +0000},
	Date-Modified = {2015-05-13 22:04:50 +0000},
	Journal = {Current Directions in Psychological Science},
	Number = {5},
	Pages = {207--211},
	Title = {Continuous dynamics in real-time cognition},
	Volume = {15},
	Year = {2006}}

@article{Willingham:1989,
	Annote = {http://act-r.psy.cmu.edu/wordpress/wp-content/themes/ACT-R/workshops/1998/Lebiere3/base.011.html

- generation task (like ours, more or less)
Of 60 Ss, 19 had no explicit knowledge (fewer than 4 consecutive positions reported)
29 had some explicit knowledge (4-9 positions reported)
12 could report the entire sequence

RTs <100ms were considered anticipatory (Q: did only the ones who could report the sequence show anticipation?)},
	Author = {Willingham, D. B. and Nissen, M. J. and Bullemer, P.},
	Date-Added = {2015-05-13 22:04:50 +0000},
	Date-Modified = {2015-05-13 22:04:50 +0000},
	Journal = {Journal of Experimental Psychology: Learning, Memory, and Cognition},
	Number = {6},
	Pages = {1047--1060},
	Title = {On the development of procedural knowledge},
	Volume = {15},
	Year = {1989}}

@article{Yu:2007,
	Author = {Yu, C and Smith, L},
	Date-Added = {2015-05-13 22:04:50 +0000},
	Date-Modified = {2015-05-13 22:04:50 +0000},
	Journal = {Psychological Science},
	Pages = {414--420},
	Title = {{Rapid word learning under uncertainty via cross-situational statistics}},
	Volume = {18},
	Year = {2007}}

@article{Shteingart:2014,
	Author = {Shteingart, H. and Loewenstein, Y.},
	Date-Added = {2015-02-04 20:42:43 +0000},
	Date-Modified = {2015-02-04 20:44:17 +0000},
	Journal = {Current Opinion in Neurobiology},
	Pages = {93--98},
	Title = {Reinforcement learning and human behavior},
	Volume = {25},
	Year = {2014}}

@incollection{Posner:1984,
	Author = {Posner, M. I. and Cohen, Y.},
	Booktitle = {Attention and Performance X: Control of Language Processes},
	Date-Added = {2015-02-04 19:37:29 +0000},
	Date-Modified = {2015-02-04 19:39:04 +0000},
	Editor = {H. Bouma and D. Bonwhuis},
	Pages = {551--556},
	Publisher = {Erlbaum},
	Title = {Components of visual orienting},
	Year = {1984}}

@article{Maylor:1985,
	Author = {Maylor, E. A. and R. Hockey},
	Date-Added = {2015-02-04 19:36:49 +0000},
	Date-Modified = {2015-02-04 19:36:49 +0000},
	Journal = {Journal of Experimental Psychology: Human Perception and Performance},
	Number = {6},
	Pages = {777--787},
	Title = {Inhibitory component of externally controlled covert orienting in visual space},
	Volume = {11},
	Year = {1985}}

@article{Dezfouli:2012,
	Author = {Dezfouli, A. and Balleine, B. W.},
	Date-Added = {2015-01-26 22:17:12 +0000},
	Date-Modified = {2015-01-26 22:18:36 +0000},
	Journal = {European Journal of Neuroscience},
	Number = {7},
	Pages = {1036--1051},
	Title = {Habits, action sequences, and reinforcement learning},
	Volume = {35},
	Year = {2012}}

@book{Sutton:1998,
	Address = {Cambridge, MA},
	Author = {Sutton, R. S. and Barto, A. G.},
	Date-Added = {2015-01-26 22:13:10 +0000},
	Date-Modified = {2015-01-26 22:14:37 +0000},
	Publisher = {MIT Press},
	Title = {Reinforcement Learning: An Introduction},
	Year = {1998}}

@article{Elsner:2004,
	Author = {Elsner, B. and Hommel, B.},
	Date-Added = {2015-01-26 21:21:07 +0000},
	Date-Modified = {2015-01-26 21:21:07 +0000},
	Journal = {Psychological Research},
	Pages = {138--154},
	Title = {Contiguity and contingency in the acquisition of action effects},
	Volume = {68},
	Year = {2004}}

@article{Hommel:2004,
	Author = {Hommel, B.},
	Date-Added = {2015-01-26 21:20:43 +0000},
	Date-Modified = {2015-01-26 21:20:43 +0000},
	Journal = {Trends in Cognitive Sciences},
	Number = {11},
	Pages = {494--500},
	Title = {Event files: Feature binding in and across perception and action},
	Volume = {8},
	Year = {2004}}

@article{Tenorth:2013,
	Author = {Tenorth, M. and Beetz, M.},
	Date-Added = {2015-01-26 21:19:40 +0000},
	Date-Modified = {2015-01-26 21:19:40 +0000},
	Journal = {International Journal of Robotics Research},
	Title = {KnowRob: A Knowledge Processing Infrastructure for Cognition-enabled Robots. Part 1: The KnowRob System},
	Year = {2013}}

@article{deKleijn:2014,
	Author = {de Kleijn, R. and Kachergis, G. and Hommel, B.},
	Date-Added = {2015-01-25 05:37:08 +0000},
	Date-Modified = {2015-01-25 05:37:08 +0000},
	Journal = {Frontiers in Neurorobotics},
	Number = {13},
	Title = {Beyond pressing keys and grasping objects: The challenges of real-time sequential action control},
	Volume = {8},
	Year = {2014}}

@article{Elman:1990,
	Author = {Elman, J. L.},
	Date-Added = {2015-01-25 05:36:45 +0000},
	Date-Modified = {2015-01-25 05:36:45 +0000},
	Journal = {Cognitive Science},
	Number = {2},
	Pages = {179--211},
	Title = {Finding Structure in Time},
	Volume = {14},
	Year = {1990}}

@article{Cooper:2000,
	Author = {Cooper, R. P. and Shallice, T.},
	Date-Added = {2015-01-24 21:57:23 +0000},
	Date-Modified = {2015-01-24 21:57:23 +0000},
	Journal = {Cognitive Neuropsychology},
	Number = {4},
	Pages = {2987--338},
	Title = {Contention scheduling and the control Contention scheduling and the control of routine activities},
	Volume = {17},
	Year = {2000}}

@article{pybrain2010jmlr,
	Author = {Schaul, Tom and Bayer, Justin and Wierstra, Daan and Sun, Yi and Felder, Martin and Sehnke, Frank and R{\"u}ckstie{\ss}, Thomas and Schmidhuber, J{\"u}rgen},
	Journal = {Journal of Machine Learning Research},
	Pages = {743--746},
	Title = {{PyBrain}},
	Volume = {11},
	Year = {2010}}

@article{Stadler:1992,
	Author = {M. A. Stadler},
	Journal = {Journal of Experimental Psych.},
	Pages = {318--327},
	Title = {Statistical Structure and Implicit Serial Learning},
	Volume = 18,
	Year = 1992}

@article{Kachergis:2014a,
	Author = {Kachergis, G. and Berends, F. and de Kleijn, R. and Hommel, B.},
	Journal = {Proceedings of the 36th Annual Conference of the Cognitive Science Society},
	Title = {Trajectory Effects in a Novel Serial Reaction Time Task},
	Year = {2014}}

@article{Kachergis:2014b,
	Author = {Kachergis, G. and Berends, F. and de Kleijn, R. and Hommel, B.},
	Date-Modified = {2015-02-04 03:44:38 +0000},
	Journal = {IEEE Conference on Development and Learning / EpiRob 2014},
	Title = {Reward Effects on Sequential Action Learning in a Trajectory Serial Reaction Time Task},
	Year = {2014}}

@phdthesis{Watkins:1989,
	Author = {Watkins, C. J. C. H.},
	Date-Modified = {2015-02-05 06:41:30 +0000},
	School = {Cambridge University},
	Title = {Learning from Delayed Rewards},
	Year = {1989}}

@techreport{Rummery94on-lineq-learning,
	Author = {G. A. Rummery and M. Niranjan},
	Date-Modified = {2015-02-05 06:51:24 +0000},
	Institution = {Cambridge University},
	Number = {CUED/F-INFENG/TR 166},
	Title = {On-Line Q-Learning Using Connectionist Systems},
	Year = {1994}}

@phdthesis{Gehring:1992,
	Author = {Gehring, W. J.},
	School = {University of Illinois at Urbana-Champaign},
	Title = {The error-related negativity: Evidence for a neural mechanism for error-related processing},
	Year = {1992}}

@article{Falkenstein:1991,
	Author = {M. Falkenstein and J. Hohnsbein and J. Hoormann and L. Blanke},
	Date-Modified = {2015-02-04 03:16:45 +0000},
	Journal = {Electroencephalography and Clinical Neurophysiology},
	Number = {6},
	Pages = {447--455},
	Title = {Effects of crossmodal divided attention on late \{ERP\} components. II. Error processing in choice reaction tasks},
	Volume = {78},
	Year = {1991}}

@article{Holroyd:2002,
	Author = {Holroyd, Clay B. and Coles, Michael G.H.},
	Journal = {Psychological Review},
	Number = {4},
	Pages = {679 - 709},
	Title = {The neural basis of human error processing: Reinforcement learning, dopamine, and the error-related negativity.},
	Volume = {109},
	Year = {2002}}

@article{Posner:1985,
	Author = {Posner, M. I. and Rafal, R. D. and Choate, L. S. and Vaughan, J.},
	Journal = {{Cognitive Neuropsychology}},
	Number = {{3}},
	Pages = {{211-228}},
	Title = {{Inhibition of Return- Neural Basis and Function}},
	Volume = {{2}},
	Year = {{1985}}}
